@TECHREPORT{markov,
AUTHOR = "Renner, Christoph and Peinke, J. and Friedrich, R.",
TITLE = "Experimental indications for Markov properties
of small-scale turbulence",
YEAR="2000"
}
@TECHREPORT{cushman,
AUTHOR = "Cushman-Roisin, B.",
TITLE = "Enviromental Fluid Mechanics",
YEAR = "2014"
}
@TECHREPORT{tutorial,
AUTHOR = "Peinke, J. and Neunaber, J.",
TITLE = "Tutorial, Fluid dynamics II",
YEAR = "2016"
}
@TECHREPORT{benzi,
AUTHOR = "R. Benzi and S. Ciliberto and R. Tripiccione and C. Baudet and F. Massaioli and and S. Succi",
TITLE = "Extended self-similarity in turbulent flows",
YEAR = "1992"
}
@TECHREPORT{npoint,
AUTHOR = "Stressing, R. and Peinke, J.",
TITLE = "Towards a stochastic multi-point description of
turbulence",
YEAR = "2012"
}
@TECHREPORT{peinke,
AUTHOR = "Peinke, J.",
TITLE = "Fluid dynamics and turbulence",
YEAR = "2016"
}
@TECHREPORT{peinke2,
AUTHOR = "Morales, A and Wächter, M. and Peinke J.",
TITLE = "Characterization of wind turbulence
by higher-order statistics",
YEAR = "2010"
}
@TECHREPORT{chatfield,
AUTHOR = "Chatfiled, C.",
TITLE = "The Analysis of Timeseries — An Introduction",
YEAR = "1989"
}
