@MISC{markov,
AUTHOR = "Christoph Renner, J.Peinke and R.Friedrich",
TITLE = 'Experimental indications for Markov properties
of small-scale turbulence'
YEAR='2000'
}